@book{lao1986tao,
  author     = {Lao Tzu},
  title      = {Tao Te Ching},
  translator = {D. C. Lau},
  year       = {1986},
  publisher  = {Penguin Books},
  address    = {London},
  edition    = {Reprint edition},
  series     = {Penguin Classics},
  isbn       = {9780140441314},
  note       = {D. C. Lau Translation}
}

@book{Razavi2012RF,
  author    = {Behzad Razavi},
  title     = {RF Microelectronics},
  edition   = {2nd},
  year      = {2012},
  publisher = {Prentice Hall},
  series    = {Communications Engineering and Emerging Technologies Series},
  isbn      = {9780137134733}
}

@book{silva2001introducao,
  author    = {Manuel Medeiros da Silva},
  title     = {Introdução aos Circuitos Eléctricos e Electrónicos},
  publisher = {Fundação Calouste Gulbenkian},
  year      = {2001},
  month     = dec,
  isbn      = {9789723106961},
  language  = {Português},
  pages     = {438}
}

@book{silva2003circuitos,
  author    = {Manuel de Medeiros Silva},
  title     = {Circuitos com Transistores Bipolares e MOS},
  publisher = {Fundação Calouste Gulbenkian},
  year      = {2003},
  month     = dec,
  isbn      = {9789723108408},
  pages     = {520}
}

